%% This BibTeX bibliography file was created using BibDesk.
%% http://bibdesk.sourceforge.net/


%% Created for Michael Rießler at 2010-09-14 17:18:19 +0200 


%% Saved with string encoding Unicode (UTF-8) 



@incollection{seurujarvi-kari2005,
	Abstract = {Saami linguistics;Saami history;Saami anthropology},
	Address = {Helsinki},
	Author = {Seurujärvi-Kari, Irja},
	Booktitle = {The {S}aami: a cultural encyclopaedia},
	Date-Added = {2010-09-14 17:15:43 +0200},
	Date-Modified = {2010-09-14 17:18:18 +0200},
	Editor = {Kulonen, Ulla-Maija and Seurujärvi-Kari, Irja and Pulkkinen, Risto and Roto, Johanna},
	Keywords = {Saami},
	Number = {925},
	Pages = {180},
	Publisher = {Suomalaisen Kirjallisuuden Seura},
	Series = {Suomalaisen Kirjallisuuden Seuran toimituksia},
	Title = {Language legislation: {S}weden},
	Year = {2005}}

@book{PSDP,
	Author = {Joshua Wilbur},
	Date-Added = {2010-09-14 10:55:20 +0200},
	Date-Modified = {2010-09-14 10:55:36 +0200}}

@book{UNESCO1993,
	Author = {UNESCO},
	Date-Added = {2010-09-14 10:38:45 +0200},
	Date-Modified = {2010-09-14 10:39:16 +0200},
	Title = {Red Book on Endangered Languages},
	Year = {1993}}

@book{Kert1971,
	Address = {Leningrad},
	Author = {G. M. Kert},
	Date-Added = {2010-09-14 15:03:05 +0200},
	Date-Modified = {2010-09-14 15:03:05 +0200},
	Keywords = {Saami},
	Language = {Russian},
	Publisher = {Nauka},
	Title = {Saamskij Jazyk (kildinskij dialekt): Fonetika, Morfologija, Sintaksis},
	Year = {1971}}

@incollection{KSDP,
	Author = {Michael Rießler AND Jurij Kusmenko AND Kristina Kotcheva AND Elena Karvovskaya AND Anja Behnke AND Svetlana Danilova AND Nadezhda Zolotuchina AND Nina Šaršina AND Elisabeth Scheller},
	Booktitle = {DoBeS Archive},
	Date-Added = {2010-09-14 14:54:10 +0200},
	Date-Modified = {2010-09-14 17:12:07 +0200},
	Keywords = {Kola Saami;Corpus},
	Publisher = {MPI Nijmegen},
	Title = {{Kola Saami Documentation Project (KSDP)}},
	Year = {2005-2010},
	Bdsk-Url-1 = {http://www.mpi.nl/DOBES/}}

@book{Schlachter1958,
	Author = {Wolfgang Schlachter},
	Date-Added = {2010-09-14 14:50:48 +0200},
	Date-Modified = {2010-09-14 14:50:48 +0200},
	Keywords = {Ume Saami, dictionary, ethnography},
	Language = {German, Ume Saami},
	Publisher = {Suomalais-Ugrilainen Seura},
	Title = {Wörterbuch des Waldlappischendialekts von Malå und Texte zur Ethnographie},
	Year = {1958}}

@book{Lagercrantz1926,
	Address = {Helsinki},
	Author = {Eliel Lagercrantz},
	Date-Added = {2010-09-14 14:35:52 +0200},
	Date-Modified = {2010-09-14 14:35:52 +0200},
	Keywords = {Saami; Pite; syntax, morphology, phonology},
	Language = {German},
	Publisher = {Suomalais-ugrilainen seura},
	Series = {Suomalais-ugrilaisen seuran toimituksia},
	Title = {Sprachlehre des Westlappischen nach der Mundart von Arjeplog},
	Volume = {LV},
	Year = {1926}}

@book{Lehtiranta1992,
	Address = {Helsinki},
	Author = {Juhani Lehtiranta},
	Date-Added = {2010-09-14 14:35:28 +0200},
	Date-Modified = {2010-09-14 14:35:28 +0200},
	English_Title = {The fundamentals of Arjeplog Saami (Lappish) Phonology and Inflection},
	Keywords = {Saami, Pite, morphology, phonology},
	Number = {212},
	Publisher = {Suomalais-ugrilainen seura},
	Series = {Suomalais-ugrilaisen seuran toimituksia},
	Title = {Arjeploginsaamen äänne- ja taivutusopin pääpiirteet},
	Year = {1992}}

@incollection{PSDP,
	Author = {Joshua Wilbur},
	Booktitle = {Endangerd Languages Archive},
	Date-Added = {2010-09-13 18:33:51 +0200},
	Date-Modified = {2010-09-14 17:12:07 +0200},
	Keywords = {Pite Saami;Corpus},
	Publisher = {Hans Rausing Endangerd Languages Project},
	Title = {{Pite Saami Documentation Project (PSDP)}},
	Year = {2008-2010},
	Bdsk-Url-1 = {http://www.uni-leipzig.de/~autotyp/},
	Bdsk-Url-2 = {http://www.uni-leipzig.de/~autotyp/projects/nps/nps.html},
	Bdsk-Url-3 = {http://www2.hu-berlin.de/psdp}}

@book{kert1986,
	Address = {Leningrad},
	Author = {Kert, Georgij Martynovi\v{c}},
	Bib = {LWT},
	Date-Added = {2010-09-13 18:28:14 +0200},
	Date-Modified = {2010-09-13 18:28:14 +0200},
	Publisher = {Prosve\v{s}\v{c}enie},
	Title = {{Slovar' saamsko-russkij i russko-saamskij [Saami-Russian and Russian-Saami dictionary]}},
	Year = {1986}}

@book{kuruc-etal1985,
	Address = {Moskva},
	Author = {Rimma Dmitrievič Kuruč AND Nina Eliseevna Afanas'eva AND Ekatarina Ivanovna Mečkina},
	Bib = {LWT},
	Call-Number = {MR (copy)},
	Date-Added = {2010-09-13 18:28:02 +0200},
	Date-Modified = {2010-09-13 18:28:02 +0200},
	Keywords = {Saami linguistics;Dictionary},
	Publisher = {Russkij jazyk},
	Title = {{Saamsko-russkij slovar' = {S}ām'-rū\v{s}\v{s} soagknehk'}},
	Title-Translation = {Saami-Russian dictionary},
	Year = 1985}

@book{itkonen_t_i1958a,
	Address = {Helsinki},
	Author = {Toivo Immanuel Itkonen},
	Bib = {LWT},
	Date-Added = {2010-09-13 18:26:33 +0200},
	Date-Modified = {2010-09-13 18:26:33 +0200},
	Publisher = {Suomalais-ugrilainen Seura},
	Series = {Lexica Societatis Fenno-Ugricae},
	Title = {{Koltan- ja kuolanlapin sanakirja = Wörterbuch des Kolta- und Kolalappischen}},
	Volume = {15},
	Year = {1958}}

@phdthesis{tereskin2002a,
	Address = {Sankt-Peterburg},
	Author = {Tereškin, Sergej Nikolaevič},
	Call-Number = {MR (PDF)},
	Date-Added = {2010-09-13 18:23:12 +0200},
	Date-Modified = {2010-09-13 18:23:12 +0200},
	Keywords = {Saami linguistics;Kola Saami;Language description},
	Lid = {Ter},
	Note = {[Tерешкин, Сергей Николаевич]},
	School = {Rossijskij gosudarstvennyj pedagogičeskij Universitet imeni A. I. Gercena},
	Title = {{Jokan'gskij dialekt saamskogo jazyka}},
	Title-Translation = {The Saami dialect of Jokan'ga},
	Year = {2002}}

@book{panfilov-etal1988,
	Address = {Petrozavodsk},
	Author = {Panfilov, Vladimir Z. and Georgij M. Kert and Pjotr M. Zajkov},
	Author-Translation = {Vladimir Zinovevič Panfilov;Georgij Martynovič Kert;Petr Mefodievič Zajkov},
	Call-Number = {MR (copy)},
	Date-Added = {2010-09-13 18:08:37 +0200},
	Date-Modified = {2010-09-13 18:08:37 +0200},
	Keywords = {Saami linguistics;Kola Saami;Text collection},
	Publisher = {Karelskij filial AN SSSR},
	Title = {{Obrazcy saamskoj re\v{c}i}},
	Year = {1988}}

@book{kert1961,
	Address = {Moskva-Leningrad},
	Author = {Kert, Georgij Martynovič},
	Author-Translation = {Керт, Г. M.},
	Call-Number = {MR},
	Date-Added = {2010-09-13 18:08:37 +0200},
	Date-Modified = {2010-09-13 18:08:37 +0200},
	Keywords = {Saami linguistics;Kola Saami;Text collection},
	Publisher = {Nauka},
	Series = {Akademija nauk SSSR. Karel'skij filial},
	Title = {Obrazcy saamskoj reči. Materialy po jazyku i fol'kloru saamov kol'skogo poluostrova (kil'dinskij i iokan'gskij dialekty)},
	Year = {1961}}

@book{sammallahti1998b,
	Address = {Kárá\v{s}johka},
	Author = {Pekka Sammallahti},
	Bib = {LWT},
	Call-Number = {MR},
	Date-Added = {2010-09-07 19:20:39 +0200},
	Date-Modified = {2010-09-07 19:20:39 +0200},
	Publisher = {Davvi Girji},
	Title = {The {S}aami languages: an introduction},
	Year = {1998}}

@incollection{gordon2005,
	Date-Added = {2010-09-07 19:19:31 +0200},
	Date-Modified = {2010-09-07 19:19:44 +0200},
	Title = {Ethnologue}}

@incollection{riesler-etal2007,
	Address = {Berlin},
	Author = {Michael Rießler and Joshua Wilbur},
	Bib = {LWT},
	Booktitle = {{Språk og språkforhold i Sápmi}},
	Call-Number = {MR},
	Date-Added = {2010-09-07 18:42:27 +0200},
	Date-Modified = {2010-09-07 18:42:27 +0200},
	Editor = {Tove Bull and Jurij Kusmenko and Michael Rießler},
	Keywords = {Saami linguistics;Documentary linguistics;Kola Saami;Phonology},
	Number = {11},
	Pages = {39-82},
	Publisher = {Humboldt-Universität},
	Series = {Berliner Beiträge zur Skandinavistik},
	Title = {Documenting the endangered {K}ola {S}aami languages},
	Year = {2007}}

@incollection{blokland-etal2003,
	Abstract = {Rogier Blokland and Cornelius Hasselblatt (``The endangered Uralic
languages'') survey the Uralic language family (Finno-Ugrik plus three
Samoyedic languages), mentioning several languages that have died out
in the last 1000 years, leaving approximately 30 living ones
today. They note that Russian-speakers' denigration of local languages
still causes many Uralic speakers to be ashamed of their own
language. The large state languages Finnish, Estonian, and Hungarian
are not endangered. The authors spend the bulk of the paper discussing
five ``medium-size'' languages which have some official status and are
potentially endangered, six smaller languages which are more
endangered, and six ``minor'' languages which are in the process of
vanishing. For each of these they talk about political and social
status, the where and who of language use, its function in higher
education, text production and age of the written tradition. Most are
not yet seriously endangered, but 4 are moribund. They note that
social welfare systems are a two-edged sword: a lack of a system can
mean less pressure to conform to a dominant language, but the presence
of a system can support the maintenance of a language as well.

Saami linguistics},
	Author = {Blokland, Rogier AND Hasselblatt, Cornelius},
	Booktitle = {Language Death and Language Maintenance: Theoretical, Practical, and Descriptive Approaches},
	Date-Added = {2010-09-07 18:00:03 +0200},
	Date-Modified = {2010-09-07 18:00:03 +0200},
	Editor = {Janse, Mark and Tol, Sijmen},
	Keywords = {Uralic},
	Number = {240},
	Publisher = {John Benjamins},
	Series = {Current Issues in Linguistic Theory},
	Title = {The endangered {U}ralic languages},
	Year = {2003}}
